
\bibliographystyle{./IEEEtran}
\bibliography{./IEEEabrv,./References

@misc{lee2002web,
  title={Web client-server system and method for incompatible page markup and presentation languages},
  author={Lee, King-Hwa and Cram, Robert and Mukundan, Anil},
  year={2002},
  month=jan # "~1",
  publisher={Google Patents},
  note={US Patent 6,336,137}
}
@misc{lee2003web,
  title={Web client-server system and method for incompatible page markup and presentation languages},
  author={Lee, King-Hwa and Cram, Robert and Mukundan, Anil},
  year={2003},
  month=aug # "~19",
  publisher={Google Patents},
  note={US Patent 6,609,150}
}
@article{spellman2002design,
  title={Design and implementation of microarray gene expression markup language (MAGE-ML)},
  author={Spellman, Paul T and Miller, Michael and Stewart, Jason and Troup, Charles and Sarkans, Ugis and Chervitz, Steve and Bernhart, Derek and Sherlock, Gavin and Ball, Catherine and Lepage, Marc and others},
  journal={Genome biology},
  volume={3},
  number={9},
  pages={research0046--1},
  year={2002},
  publisher={BioMed Central}
}
@misc{dhanjal2012markup,
  title={Markup based extensibility for user interfaces},
  author={Dhanjal, Savraj Singh and Mogilevsky, Alex and Morton, David Andrew and Ramani, Preethi and Luu, Dien Trang and Faller, Eric Michael and Fomichev, Andrew and Chang, Andy Chung-An},
  year={2012},
  month=aug # "~7",
  publisher={Google Patents},
  note={US Patent 8,239,882}
}
 @article{sadoghi2013pooled,
  title={Pooled outcome of total hip arthroplasty with the CementLess Spotorno (CLS) system: a comparative analysis of clinical studies and worldwide arthroplasty register data},
  author={Sadoghi, Patrick and Janda, Wolfgang and Agreiter, Mark and Rauf, Rauend and Leithner, Andreas and Labek, Gerold},
  journal={International orthopaedics},
  volume={37},
  number={6},
  pages={995--999},
  year={2013},
  publisher={Springer}
}
